
% D3 hierarchy
@misc{d3hierarchy,
	title = {2D layout algorithms for visualizing hierarchical data.: d3/d3-hierarchy},
	copyright = {BSD-3-Clause},
	shorttitle = {2D layout algorithms for visualizing hierarchical data.},
	url = {https://github.com/d3/d3-hierarchy},
	urldate = {2019-02-25},
	publisher = {D3},
	month = feb,
	year = {2019},
	note = {original-date: 2015-07-15T18:01:35Z}
}

% reactjs
@misc{reactjs.org,
	title = {React – {A} {JavaScript} library for building user interfaces},
	url = {https://reactjs.org/index.html},
	abstract = {A JavaScript library for building user interfaces},
	language = {en},
	urldate = {2019-02-13},
	file = {Snapshot:/Users/thijsspinoy/Zotero/storage/MVX5UC5Y/reactjs.org.html:text/html}
}

% tailwind css
@misc{tailwind-css,
	title = {Tailwind {CSS} - {A} {Utility}-{First} {CSS} {Framework} for {Rapid} {UI} {Development}},
	url = {https://tailwindcss.com/},
	abstract = {Documentation for the Tailwind CSS framework.},
	language = {en},
	urldate = {2019-02-25},
	file = {Snapshot:/Users/thijsspinoy/Zotero/storage/TNS4P7QL/what-is-tailwind.html:text/html}
}

% why react
@misc{thinkwik_why_2017,
	title = {Why {ReactJS} is gaining so much popularity these days},
	url = {https://medium.com/@thinkwik/why-reactjs-is-gaining-so-much-popularity-these-days-c3aa686ec0b3},
	abstract = {ReactJS is an open source JavaScript library designed by Facebook for creating rich and engaging web apps fast and efficiently with minimal…},
	urldate = {2019-02-13},
	journal = {Medium},
	author = {Thinkwik},
	month = dec,
	year = {2017},
	file = {Snapshot:/Users/thijsspinoy/Zotero/storage/RJQXUDNA/why-reactjs-is-gaining-so-much-popularity-these-days-c3aa686ec0b3.html:text/html}
}

% why react
@misc{githubwhyreact,
	title = {Why {React}? {\textbar} {React}},
	shorttitle = {Why {React}?},
	url = {https://facebook.github.io/react/docs/why-react.html},
	abstract = {一个用于构建用户交互界面的 JavaScript 库},
	urldate = {2019-02-13},
	file = {Snapshot:/Users/thijsspinoy/Zotero/storage/YAR7ZBWR/why-react.html:text/html}
}